@book{Luenberg,
author = {David G. Luenberg},
title = {Introduction to Dynamic Systems},
OPTsubtitle = {Theory, Models and Applications},
year = {1979}
}

@book{Greub,
author = {Werner H. Greub},
title = {Linear Algebra},
year = {1963}
}

@book{Heuser,
author = {Harro Heuser},
title = {Funktionalanalysis},
OPTsubtitle = {Theorie und Anwendung},
year = {1992}
}

@misc{Kirsch,
author = {Andreas Kirsch},
title = {Lineare Integralgleichungen},
year = {2010}}


@article{Barabasi_k-walk,
author = {Gao, J. et al.},
title = {Target control of complex networks},
journaltitle = {Nat. Commun.},
year = {2014},
%OPTseries = {•},
%OPTvolume = {•},
OPTnumber = {5:5415},
OPTdoi = {10.1038/ncomms6415},
}



 .  5:5415 doi:  (2014).