@article{DEN,
author = {Engelhardt \textit{et al.}, Benjamin },
title = {Learning (from) the errors of a systems biology model},
journaltitle = {Scientific Reports},
year = {2016},
OPTdoi = {10.1038/srep20772},
OPTurl = {http://dx.doi.org/10.1038/srep20772},
}
%OPTmonth = {02},

@article {BDEN,
author = {Engelhardt, Benjamin and Kschischo, Maik and Fr{\"o}hlich, Holger},
title = {A Bayesian approach to estimating hidden variables as well as missing and wrong 
molecular interactions in ordinary differential equation-based mathematical models},
year = {2017},
OPTdoi = {10.1098/rsif.2017.0332},
publisher = {The Royal Society},
OPTurl = {http://rsif.royalsocietypublishing.org/content/14/131/20170332},
journaltitle = {Journal of The Royal Society Interface},
}
%number = {131},
%volume = {14},
	